@misc{4,
    key = {},
    note = {What is ANTLR? [Электронный ресурс]. – Режим доступа: https://www.antlr.org/ (Дата обращения: 25.04.2025).}
}

@misc{6,
    key = {},
    note = {The LLVM Compiler Infrastructure Project [Электронный ресурс]. – Режим доступа: https://llvm.org/ (Дата обращения: 27.04.2025).}
}

@book{5,
  title={Bison: The Yacc-compatible Parser Generator},
  author={Donnelly C. },
  year={2015},
  publisher={Samurai Media Limited}
}

@book{book1,
    title = {Компиляторы: принципы, технологии и инструменты.},
    author = {Альфред Ахо},
    year = {2008},
    publisher = {М.: Вильямс}
}

@book{2,
    author = {M. E. Lesk and E. Lex Schmidt},
    title = {A lexical analyzer generator.},
    publisher = {Murray Hill, NJ : Bell Laboratories},
    year = 1975
}